timestamp,market_id,condition,side,limit_price,poly_price,amount,start_price,trigger_price
2026-02-15 21:04:07,1376840,Condition_2_REVERSAL,YES,0.99,0.75,2.0,69318.0,69357.53
2026-02-15 21:07:01,1376844,Condition_1_MOMENTUM,YES,0.99,0.65,2.0,69409.85,69450.01
2026-02-15 21:11:28,1376847,Condition_1_MOMENTUM,NO,0.99,0.62,2.0,69507.99,69407.81
2026-02-15 21:20:38,1376856,Condition_1_MOMENTUM,NO,0.99,0.79,2.0,69585.38,69473.68
2026-02-15 21:28:17,1376863,Condition_2_REVERSAL,NO,0.99,0.38,2.0,69434.43,69382.18
2026-02-15 21:30:27,1376865,Condition_1_MOMENTUM,YES,0.99,0.8,2.0,69058.45,69169.82
2026-02-15 21:36:03,1376870,Condition_1_MOMENTUM,NO,0.99,0.5,2.0,69040.72,68926.04
2026-02-15 21:44:01,1376876,Condition_1_MOMENTUM,NO,0.99,0.54,2.0,68986.47,68915.91
2026-02-15 21:46:38,1376878,Condition_1_MOMENTUM,YES,0.99,0.71,2.0,68929.98,68967.42
2026-02-15 21:50:37,1376882,Condition_1_MOMENTUM,NO,0.99,0.68,2.0,68937.41,68825.01
2026-02-15 22:02:45,1376954,Condition_1_MOMENTUM,NO,0.99,0.5,2.0,68971.99,68930.14
2026-02-15 22:06:21,1376959,Condition_1_MOMENTUM,YES,0.99,0.73,2.0,68994.79,69100.0
2026-02-15 22:11:37,1376965,Condition_1_MOMENTUM,NO,0.99,0.71,2.0,69027.74,68926.72
2026-02-15 22:27:39,1377001,Condition_2_REVERSAL,NO,0.99,0.56,2.0,69041.0,68986.0
2026-02-15 22:33:56,1377006,Condition_1_MOMENTUM,NO,0.99,0.67,2.0,69053.94,69004.79
2026-02-15 22:37:52,1377008,Condition_2_REVERSAL,YES,0.99,0.63,2.0,68984.91,69030.16
2026-02-15 22:48:16,1377013,Condition_1_MOMENTUM,NO,0.99,0.67,2.0,69144.0,69063.79
2026-02-15 22:52:33,1377019,Condition_2_REVERSAL,NO,0.99,0.65,2.0,69083.83,69038.12
2026-02-15 23:03:35,1377118,Condition_1_MOMENTUM,NO,0.99,0.82,2.0,69137.99,69092.82
2026-02-15 23:08:29,1377122,Condition_1_MOMENTUM,YES,0.99,0.78,2.0,69154.56,69196.88
2026-02-15 23:52:25,1377164,Condition_1_MOMENTUM,NO,0.99,0.8,2.0,69063.47,68985.87
2026-02-15 23:56:53,1377389,Condition_1_MOMENTUM,YES,0.99,0.8,2.0,68931.01,69000.01
2026-02-16 00:03:11,1377393,Condition_1_MOMENTUM,NO,0.99,0.69,2.0,69067.08,68979.14
2026-02-16 00:07:02,1377398,Condition_1_MOMENTUM,NO,0.99,0.79,2.0,68959.98,68873.98
2026-02-16 00:11:43,1377399,Condition_1_MOMENTUM,YES,0.99,0.76,2.0,68827.94,68897.88
2026-02-16 00:22:13,1377412,Condition_1_MOMENTUM,NO,0.99,0.77,2.0,68943.43,68874.0
2026-02-16 01:06:01,1377666,Condition_1_MOMENTUM,YES,0.99,0.69,2.0,68956.8,69045.0
2026-02-16 01:17:56,1377673,Condition_1_MOMENTUM,NO,0.99,0.69,2.0,69037.41,68943.43
2026-02-16 01:32:42,1377719,Condition_1_MOMENTUM,NO,0.99,0.6,2.0,68959.05,68880.0
2026-02-16 01:36:53,1377723,Condition_1_MOMENTUM,YES,0.99,0.82,2.0,68946.12,69015.23
2026-02-16 01:41:59,1377736,Condition_1_MOMENTUM,NO,0.99,0.65,2.0,68997.24,68907.13
2026-02-16 01:51:11,1377754,Condition_1_MOMENTUM,YES,0.99,0.64,2.0,68256.99,68329.29
2026-02-16 01:55:42,1378193,Condition_1_MOMENTUM,NO,0.99,0.69,2.0,68512.62,68426.3
2026-02-16 02:00:57,1378195,Condition_1_MOMENTUM,NO,0.99,0.6,2.0,68599.8,68520.0
2026-02-16 02:26:22,1378226,Condition_1_MOMENTUM,NO,0.99,0.7,2.0,68722.75,68653.63
2026-02-16 02:35:33,1378236,Condition_1_MOMENTUM,NO,0.99,0.71,2.0,68530.99,68381.8
2026-02-16 02:45:20,1378259,Condition_1_MOMENTUM,NO,0.99,0.62,2.0,68667.03,68581.89
2026-02-16 02:52:59,1378265,Condition_1_MOMENTUM,YES,0.99,0.83,2.0,68380.77,68450.76
2026-02-16 02:56:11,1378290,Condition_1_MOMENTUM,NO,0.99,0.69,2.0,68434.74,68364.09
2026-02-16 03:02:38,1378297,Condition_1_MOMENTUM,YES,0.99,0.84,2.0,68414.06,68486.93
2026-02-16 03:05:53,1378309,Condition_1_MOMENTUM,NO,0.99,0.67,2.0,68224.25,68148.55
2026-02-16 03:10:28,1378312,Condition_1_MOMENTUM,YES,0.99,0.72,2.0,68111.27,68190.01
2026-02-16 03:18:04,1378315,Condition_2_REVERSAL,NO,0.99,0.73,2.0,68154.43,68096.0
2026-02-16 03:20:48,1378322,Condition_1_MOMENTUM,YES,0.99,0.75,2.0,68103.0,68173.38
2026-02-16 03:32:19,1378328,Condition_1_MOMENTUM,NO,0.99,0.84,2.0,68497.99,68401.08
2026-02-16 10:37:41,1379549,Condition_1_MOMENTUM,YES,0.99,0.84,2.0,68404.37,68475.94
2026-02-16 11:11:13,1379642,Condition_1_MOMENTUM,YES,0.99,0.78,2.0,68338.99,68416.86
2026-02-16 12:02:00,1379724,Condition_1_MOMENTUM,YES,0.99,0.83,2.0,68385.48,68454.13
2026-02-16 15:39:48,1380632,Condition_2_REVERSAL,NO,0.99,0.7,5.0,68559.25,68503.44
2026-02-16 15:41:22,1380651,Condition_1_MOMENTUM,NO,0.99,0.74,5.0,68490.01,68389.93
2026-02-16 16:40:03,1380785,Condition_1_MOMENTUM,YES,0.99,0.52,5.0,68642.86,68713.2
2026-02-16 17:07:26,1380876,Condition_1_MOMENTUM,NO,0.99,0.8,5.0,68917.99,68839.93
2026-02-16 18:26:29,1380994,Condition_1_MOMENTUM,NO,0.99,0.8,5.0,68748.48,68664.01
2026-02-16 19:10:56,1381190,Condition_1_MOMENTUM,NO,0.99,0.84,2.0,68663.58,68542.72
2026-02-16 19:21:19,1381201,Condition_1_MOMENTUM,NO,0.99,0.78,2.0,68560.35,68481.75
2026-02-16 19:26:27,1381202,Condition_1_MOMENTUM,YES,0.99,0.82,2.0,68385.0,68453.44
2026-02-16 20:00:39,1381391,Condition_1_MOMENTUM,YES,0.99,0.77,2.0,68771.82,68845.0
2026-02-16 20:18:14,1381400,Condition_1_MOMENTUM,NO,0.99,0.79,2.0,68872.03,68802.44
2026-02-16 20:25:55,1381446,Condition_1_MOMENTUM,YES,0.99,0.8,2.0,68847.91,68918.64
2026-02-16 20:30:21,1381448,Condition_1_MOMENTUM,NO,0.99,0.71,2.0,69458.0,69372.62
2026-02-16 20:35:45,1381452,Condition_1_MOMENTUM,NO,0.99,0.7,2.0,69424.5,69353.23
2026-02-16 20:40:15,1381453,Condition_1_MOMENTUM,NO,0.99,0.7,2.0,69489.73,69402.81
2026-02-16 20:50:21,1381460,Condition_1_MOMENTUM,YES,0.99,0.69,2.0,69495.79,69565.99
2026-02-16 20:56:51,1381516,Condition_1_MOMENTUM,YES,0.99,0.75,2.0,69687.99,69759.3
2026-02-16 21:00:32,1381518,Condition_1_MOMENTUM,NO,0.99,0.7,2.0,69724.03,69653.55
2026-02-16 21:05:24,1381526,Condition_1_MOMENTUM,YES,0.99,0.64,2.0,69900.46,69979.4
2026-02-16 21:10:12,1381527,Condition_1_MOMENTUM,NO,0.99,0.68,2.0,69710.1,69636.01
2026-02-16 21:16:20,1381528,Condition_1_MOMENTUM,YES,0.99,0.74,2.0,69623.68,69697.3
2026-02-16 21:25:01,1381534,Condition_1_MOMENTUM,NO,0.99,0.48,2.0,69353.2,69261.79
2026-02-16 21:30:17,1381536,Condition_1_MOMENTUM,YES,0.99,0.58,2.0,68607.8,68689.8
2026-02-16 21:35:14,1381541,Condition_1_MOMENTUM,NO,0.99,0.64,2.0,68550.0,68469.09
2026-02-16 21:40:18,1381542,Condition_1_MOMENTUM,YES,0.99,0.69,2.0,68308.2,68380.83
2026-02-16 21:45:18,1381544,Condition_1_MOMENTUM,NO,0.99,0.61,2.0,68402.02,68327.31
2026-02-16 21:50:18,1381548,Condition_1_MOMENTUM,NO,0.99,0.59,2.0,68294.0,68224.78
2026-02-16 21:56:23,1381580,Condition_1_MOMENTUM,YES,0.99,0.72,2.0,68244.96,68315.38
2026-02-16 22:02:08,1381586,Condition_1_MOMENTUM,NO,0.99,0.67,2.0,68369.84,68290.51
2026-02-16 22:05:24,1381587,Condition_1_MOMENTUM,YES,0.99,0.73,2.0,68391.4,68472.0
2026-02-16 22:10:12,1381589,Condition_1_MOMENTUM,NO,0.99,0.7,2.0,68430.23,68336.73
2026-02-16 22:15:50,1381592,Condition_1_MOMENTUM,YES,0.99,0.71,2.0,68377.0,68446.1
2026-02-16 22:21:05,1381595,Condition_1_MOMENTUM,YES,0.99,0.69,2.0,68453.01,68523.2
2026-02-16 22:25:17,1381653,Condition_1_MOMENTUM,NO,0.99,0.67,2.0,68614.66,68542.33
2026-02-16 22:30:22,1381654,Condition_1_MOMENTUM,YES,0.99,0.68,2.0,68281.93,68351.32
2026-02-16 22:37:44,1381665,Condition_1_MOMENTUM,YES,0.99,0.76,2.0,68438.55,68519.4
2026-02-16 22:42:33,1381666,Condition_1_MOMENTUM,NO,0.99,0.75,2.0,68494.09,68416.93
2026-02-16 22:45:26,1381669,Condition_1_MOMENTUM,NO,0.99,0.69,2.0,68472.02,68392.89
2026-02-16 22:50:15,1381672,Condition_1_MOMENTUM,YES,0.99,0.72,2.0,68560.71,68694.97
2026-02-16 22:56:32,1381960,Condition_1_MOMENTUM,YES,0.99,0.76,2.0,68247.99,68323.64
2026-02-16 23:00:25,1381988,Condition_1_MOMENTUM,YES,0.99,0.65,2.0,68382.15,68457.68
2026-02-16 23:08:23,1381993,Condition_2_REVERSAL,YES,0.99,0.8,2.0,68477.64,68536.16
2026-02-16 23:10:22,1381996,Condition_1_MOMENTUM,YES,0.99,0.66,2.0,68453.01,68524.99
2026-02-16 23:21:14,1382002,Condition_1_MOMENTUM,YES,0.99,0.78,2.0,68270.63,68345.99
2026-02-16 23:30:36,1382039,Condition_1_MOMENTUM,NO,0.99,0.66,2.0,68197.36,68111.0
2026-02-16 23:35:49,1382044,Condition_1_MOMENTUM,YES,0.99,0.61,2.0,67397.32,67484.97
2026-02-16 23:41:55,1382048,Condition_1_MOMENTUM,NO,0.99,0.68,2.0,67370.81,67280.32
2026-02-16 23:47:33,1382051,Condition_1_MOMENTUM,YES,0.99,0.76,2.0,67411.18,67500.0
2026-02-16 23:51:55,1382064,Condition_1_MOMENTUM,YES,0.99,0.77,2.0,67445.02,67538.23
2026-02-16 23:56:43,1382083,Condition_1_MOMENTUM,NO,0.99,0.71,2.0,67598.98,67516.82
2026-02-17 00:41:27,1382224,Condition_1_MOMENTUM,YES,0.99,0.81,2.0,67628.75,67716.88
2026-02-17 01:06:10,1382410,Condition_1_MOMENTUM,YES,0.99,0.73,2.0,67845.99,67926.3
2026-02-17 01:15:57,1382428,Condition_1_MOMENTUM,NO,0.99,0.78,2.0,67711.55,67619.59
2026-02-17 01:31:46,1382502,Condition_1_MOMENTUM,YES,0.99,0.81,2.0,67895.53,67979.72
2026-02-17 01:46:16,1382532,Condition_1_MOMENTUM,NO,0.99,0.84,2.0,67988.34,67891.3
2026-02-17 12:16:34,1383907,Condition_1_MOMENTUM,NO,0.99,0.8,2.0,68549.93,68463.94
2026-02-17 13:20:43,1384139,Condition_3_NET_BREAK (66.18 > 0.6*12.81 & > 65.0),NO,0.99,0.65,2.0,68166.18,68100.0
2026-02-17 13:32:05,1384147,Condition_3_NET_BREAK (67.37 > 0.6*3.49 & > 65.0),NO,0.99,0.77,2.0,68015.64,67948.27
2026-02-17 13:35:19,1384148,Condition_3_NET_BREAK (65.54 > 0.6*11.10 & > 65.0),NO,0.99,0.73,2.0,67992.87,67927.33
2026-02-17 13:41:12,1384149,Condition_3_NET_BREAK (71.19 > 0.6*3.60 & > 65.0),YES,0.99,0.77,2.0,68013.33,68084.52
2026-02-17 14:26:13,1384377,Condition_3_NET_BREAK (68.01 > 0.6*10.98 & > 65.0),NO,0.99,0.83,2.0,68326.99,68258.98
2026-02-17 14:41:59,1384384,Condition_3_NET_BREAK (68.31 > 0.6*8.60 & > 65.0),YES,0.99,0.84,2.0,68407.44,68475.75
2026-02-17 15:06:43,1384565,Condition_3_NET_BREAK (68.32 > 0.6*11.86 & > 65.0),NO,0.99,0.79,2.0,68353.98,68285.66
2026-02-17 17:45:18,1384724,Condition_3_NET_BREAK (67.21 > 0.6*31.77 & > 65.0),YES,0.99,0.77,2.0,68034.01,68101.22
2026-02-17 17:50:58,1384729,Condition_3_NET_BREAK (65.23 > 0.6*3.46 & > 65.0),YES,0.99,0.84,2.0,68008.25,68073.48
2026-02-17 18:15:51,1384797,Condition_3_NET_BREAK (65.94 > 0.6*50.24 & > 65.0),NO,0.99,0.77,2.0,68078.35,68012.41
2026-02-17 18:20:58,1384798,Condition_3_NET_BREAK (66.64 > 0.6*40.58 & > 65.0),YES,0.99,0.71,2.0,67802.42,67869.06
2026-02-17 18:35:36,1384805,Condition_3_NET_BREAK (74.13 > 0.6*11.32 & > 65.0),NO,0.99,0.72,2.0,67841.62,67767.49
2026-02-17 18:42:39,1384806,Condition_3_NET_BREAK (72.11 > 0.6*15.85 & > 65.0),NO,0.99,0.63,2.0,67827.29,67755.18
2026-02-17 18:51:49,1384812,Condition_1_MOMENTUM,NO,0.99,0.73,2.0,67786.02,67699.76
2026-02-17 19:00:30,1385003,Condition_3_NET_BREAK (68.07 > 0.6*52.11 & > 65.0),YES,0.99,0.8,2.0,67799.89,67867.96
2026-02-17 19:12:54,1385007,Condition_3_NET_BREAK (69.88 > 0.6*4.20 & > 65.0),YES,0.99,0.82,2.0,67784.14,67854.02
2026-02-17 19:25:57,1385015,Condition_3_NET_BREAK (87.70 > 0.6*15.89 & > 65.0),NO,0.99,0.67,2.0,67794.9,67707.2
2026-02-17 19:36:20,1385021,Condition_3_NET_BREAK (66.16 > 0.6*15.50 & > 65.0),NO,0.99,0.8,2.0,67825.49,67759.33
2026-02-17 20:35:37,1385161,Condition_3_NET_BREAK (105.33 > 0.6*8.14 & > 65.0),YES,0.99,0.69,2.0,68078.01,68183.34
2026-02-17 20:46:56,1385164,Condition_3_NET_BREAK (66.68 > 0.6*4.02 & > 65.0),NO,0.99,0.84,2.0,68136.68,68070.0
2026-02-17 21:03:01,1385185,Condition_3_NET_BREAK (77.53 > 0.6*5.69 & > 65.0),NO,0.99,0.84,2.0,67884.57,67807.04
2026-02-17 21:10:16,1385211,Condition_3_NET_BREAK (66.15 > 0.6*51.54 & > 65.0),YES,0.99,0.73,2.0,67924.23,67990.38
2026-02-17 21:22:04,1385217,Condition_3_NET_BREAK (67.11 > 0.6*36.09 & > 65.0),YES,0.99,0.84,2.0,68000.9,68068.01
2026-02-17 21:25:18,1385219,Condition_3_FLUC_BREAK (66.28 > 0.6*26.20 & > 65.0),NO,0.99,0.74,2.0,68301.96,68235.68
2026-02-17 21:31:27,1385221,Condition_3_FLUC_BREAK (67.29 > 0.6*4.97 & > 65.0),NO,0.99,0.81,2.0,68076.99,68009.7
2026-02-17 21:40:18,1385226,Condition_3_FLUC_BREAK (66.53 > 0.6*72.26 & > 65.0),NO,0.99,0.76,2.0,68014.18,67947.65
2026-02-17 22:22:51,1385374,Condition_3_FLUC_BREAK (74.32 > 0.6*116.47 & > 65.0),NO,0.99,0.82,2.0,68114.99,68040.67
2026-02-17 22:30:59,1385417,Condition_3_FLUC_BREAK (76.15 > 0.6*117.20 & > 65.0),NO,0.99,0.7,2.0,67987.51,67911.36
2026-02-17 22:35:53,1385418,Condition_1_MOMENTUM,NO,0.99,0.67,2.0,68045.99,67961.84
2026-02-17 22:40:18,1385419,Condition_1_MOMENTUM,NO,0.99,0.62,2.0,67566.95,67467.97
2026-02-17 22:45:17,1385423,Condition_1_MOMENTUM,NO,0.99,0.63,4.0,67057.95,66910.01
2026-02-17 22:50:28,1385441,Condition_1_MOMENTUM,NO,0.99,0.6,2.0,67036.99,66941.66
2026-02-17 22:56:28,1385574,Condition_1_MOMENTUM,YES,0.99,0.7,2.0,66838.03,66918.99
2026-02-17 23:01:04,1385576,Condition_1_MOMENTUM,YES,0.99,0.74,2.0,66831.13,66937.01
2026-02-17 23:05:58,1385585,Condition_1_MOMENTUM,NO,0.99,0.66,2.0,67045.8,66938.15
2026-02-17 23:10:20,1385586,Condition_1_MOMENTUM,YES,0.99,0.68,2.0,66985.24,67085.21
2026-02-17 23:16:09,1385591,Condition_1_MOMENTUM,YES,0.99,0.67,2.0,66760.81,66846.0
2026-02-17 23:21:27,1385592,Condition_1_MOMENTUM,NO,0.99,0.72,2.0,67094.03,66994.34
2026-02-17 23:25:40,1385619,Condition_1_MOMENTUM,NO,0.99,0.73,2.0,66938.65,66811.58
2026-02-17 23:33:23,1385626,Condition_1_MOMENTUM,NO,0.99,0.81,2.0,66800.01,66717.99
2026-02-17 23:35:17,1385639,Condition_1_MOMENTUM,YES,0.99,0.77,4.0,66679.95,66824.52
2026-02-17 23:40:40,1385660,Condition_1_MOMENTUM,YES,0.99,0.7,2.0,66742.95,66843.01
2026-02-17 23:45:54,1385662,Condition_1_MOMENTUM,YES,0.99,0.7,2.0,66966.94,67048.88
2026-02-17 23:51:37,1385666,Condition_1_MOMENTUM,YES,0.99,0.67,2.0,67148.14,67232.65
2026-02-17 23:55:54,1385688,Condition_1_MOMENTUM,YES,0.99,0.72,2.0,67261.1,67357.09
2026-02-18 00:01:56,1385695,Condition_3_FLUC_BREAK (114.59 > 0.6*151.29 & > 65.0),YES,0.99,0.76,2.0,67355.41,67470.0
2026-02-18 00:05:42,1385734,Condition_1_MOMENTUM,YES,0.99,0.69,2.0,67722.2,67816.0
2026-02-18 00:12:33,1385738,Condition_1_MOMENTUM,NO,0.99,0.75,2.0,67710.9,67627.97
2026-02-18 00:16:51,1385749,Condition_3_FLUC_BREAK (93.65 > 0.6*141.80 & > 65.0),YES,0.99,0.62,2.0,67704.15,67797.8
2026-02-18 00:20:51,1385755,Condition_1_MOMENTUM,NO,0.99,0.75,2.0,67901.98,67796.0
2026-02-18 00:26:13,1385808,Condition_1_MOMENTUM,NO,0.99,0.73,2.0,67694.01,67611.56
2026-02-18 00:31:22,1385881,Condition_1_MOMENTUM,NO,0.99,0.68,2.0,67505.5,67410.0
2026-02-18 00:36:08,1385884,Condition_1_MOMENTUM,YES,0.99,0.71,2.0,67816.87,67935.59
2026-02-18 00:40:30,1385885,Condition_1_MOMENTUM,NO,0.99,0.74,2.0,67917.26,67825.45
2026-02-18 00:46:29,1385890,Condition_1_MOMENTUM,NO,0.99,0.74,2.0,67662.03,67573.47
2026-02-18 00:51:46,1385892,Condition_1_MOMENTUM,YES,0.99,0.81,2.0,67543.99,67626.0
2026-02-18 00:55:55,1386129,Condition_1_MOMENTUM,YES,0.99,0.8,2.0,67662.0,67756.01
2026-02-18 01:02:26,1386133,Condition_1_MOMENTUM,YES,0.99,0.84,2.0,67491.56,67578.24
2026-02-18 01:10:38,1386204,Condition_3_FLUC_BREAK (145.49 > 0.6*227.90 & > 65.0),NO,0.99,0.78,2.0,67468.0,67322.51
2026-02-18 01:22:43,1386215,Condition_1_MOMENTUM,NO,0.99,0.82,2.0,67318.21,67225.41
2026-02-18 01:25:58,1386261,Condition_1_MOMENTUM,YES,0.99,0.77,2.0,67248.96,67336.56
2026-02-18 01:40:41,1386271,Condition_3_FLUC_BREAK (97.24 > 0.6*159.69 & > 65.0),NO,0.99,0.73,2.0,67147.03,67049.79
2026-02-18 01:45:38,1386276,Condition_1_MOMENTUM,NO,0.99,0.69,2.0,66956.41,66856.01
2026-02-18 01:50:52,1386282,Condition_1_MOMENTUM,YES,0.99,0.81,2.0,67069.63,67180.05
2026-02-18 02:20:27,1386507,Condition_3_FLUC_BREAK (129.45 > 0.6*166.97 & > 65.0),YES,0.99,0.83,2.0,67254.0,67383.45
2026-02-18 02:40:18,1386542,Condition_1_MOMENTUM,YES,0.99,0.78,2.0,67799.99,67895.6
2026-02-18 02:56:06,1386580,Condition_1_MOMENTUM,YES,0.99,0.84,2.0,67986.45,68090.64
2026-02-18 03:01:53,1386587,Condition_1_MOMENTUM,NO,0.99,0.84,2.0,68058.89,67963.99
2026-02-18 03:16:38,1386607,Condition_1_MOMENTUM,NO,0.99,0.81,2.0,68134.5,68054.19
2026-02-18 03:21:31,1386620,Condition_1_MOMENTUM,YES,0.99,0.83,2.0,67863.6,67966.01
2026-02-18 03:36:12,1386644,Condition_3_FLUC_BREAK (76.43 > 0.6*113.70 & > 65.0),NO,0.99,0.81,2.0,67832.43,67756.0
2026-02-18 03:47:37,1386655,Condition_1_MOMENTUM,NO,0.99,0.84,2.0,67948.17,67863.61
2026-02-18 04:06:52,1386782,Condition_1_MOMENTUM,NO,0.99,0.82,2.0,67709.24,67614.38
2026-02-18 04:40:35,1386805,Condition_3_FLUC_BREAK (89.23 > 0.6*147.99 & > 65.0),YES,0.99,0.8,2.0,67683.01,67772.24
2026-02-18 06:15:43,1386959,Condition_3_FLUC_BREAK (67.03 > 0.6*47.74 & > 65.0),NO,0.99,0.82,2.0,67554.89,67487.86
2026-02-18 07:41:12,1387139,Condition_3_FLUC_BREAK (65.99 > 0.6*84.28 & > 65.0),YES,0.99,0.83,2.0,67412.64,67478.63
2026-02-18 08:25:31,1387337,Condition_3_FLUC_BREAK (76.01 > 0.6*80.96 & > 65.0),NO,0.99,0.84,2.0,67500.01,67424.0
2026-02-18 09:00:55,1387362,Condition_3_FLUC_BREAK (66.74 > 0.6*44.10 & > 65.0),YES,0.99,0.84,2.0,67264.52,67331.26
2026-02-18 09:22:00,1387382,Condition_3_FLUC_BREAK (68.40 > 0.6*80.49 & > 65.0),YES,0.99,0.78,2.0,67107.6,67176.0
2026-02-18 09:27:45,1387383,Condition_3_FLUC_BREAK (67.55 > 0.6*91.35 & > 65.0),NO,0.99,0.8,2.0,67112.16,67044.61
2026-02-18 09:33:49,1387386,Condition_1_MOMENTUM,NO,0.99,0.81,2.0,67012.42,66931.02
2026-02-18 09:41:44,1387391,Condition_3_FLUC_BREAK (83.32 > 0.6*134.34 & > 65.0),YES,0.99,0.84,2.0,66924.9,67008.22
2026-02-18 16:25:53,1388113,Condition_3_FLUC_BREAK (68.29 > 0.6*95.09 & > 65.0),YES,0.99,0.74,2.0,68345.99,68414.28
2026-02-18 18:16:02,1388191,Condition_5_STRONG_FLUC (46.79 > 0.9*29.38 & > 45.0),NO,0.99,0.78,2.0,68128.2,68081.41
2026-02-18 18:25:34,1388213,Condition_5_STRONG_FLUC (61.66 > 0.9*67.40 & > 45.0),NO,0.99,0.61,2.0,67998.01,67936.35
2026-02-18 18:30:51,1388214,Condition_3_FLUC_BREAK (71.75 > 0.7*75.68 & > 65.0),NO,0.99,0.8,2.0,68002.0,67930.25
2026-02-18 18:56:56,1388399,Condition_3_FLUC_BREAK (69.35 > 0.7*80.87 & > 65.0),NO,0.99,0.78,2.0,67804.0,67734.65
2026-02-18 19:06:33,1388406,Condition_5_STRONG_FLUC (60.18 > 0.9*58.07 & > 45.0),NO,0.99,0.77,2.0,67736.99,67676.81
2026-02-18 19:10:38,1388407,Condition_1_MOMENTUM,NO,0.99,0.72,2.0,67161.98,67072.01
2026-02-18 19:35:41,1388420,Condition_3_FLUC_BREAK (91.21 > 0.7*103.13 & > 65.0),YES,0.99,0.68,2.0,67427.99,67519.2
2026-02-18 20:11:16,1388497,Condition_1_MOMENTUM,YES,0.99,0.84,2.0,67529.76,67613.24
2026-02-18 20:31:48,1388510,Condition_5_STRONG_FLUC (61.71 > 0.9*67.11 & > 45.0),NO,0.99,0.45,2.0,67537.22,67475.51
2026-02-18 20:41:06,1388513,Condition_3_FLUC_BREAK (93.06 > 0.7*132.94 & > 65.0),YES,0.99,0.82,2.0,67426.12,67519.18
2026-02-18 21:00:17,1388602,Condition_3_FLUC_BREAK (72.38 > 0.7*102.97 & > 65.0),YES,0.99,0.84,2.0,67430.02,67502.4
2026-02-18 21:16:30,1388609,Condition_5_STRONG_FLUC (60.32 > 0.9*58.74 & > 45.0),YES,0.99,0.75,2.0,67509.97,67570.29
2026-02-18 21:40:32,1388692,Condition_5_STRONG_FLUC (54.01 > 0.9*59.80 & > 45.0),NO,0.99,0.75,2.0,67358.0,67303.99
2026-02-18 21:46:45,1388696,Condition_1_MOMENTUM,NO,0.99,0.78,2.0,67265.44,67177.48
2026-02-18 22:06:53,1388723,Condition_3_FLUC_BREAK (78.67 > 0.7*107.63 & > 65.0),NO,0.99,0.72,2.0,67279.67,67201.0
2026-02-18 22:31:15,1388757,Condition_3_FLUC_BREAK (138.42 > 0.7*156.21 & > 65.0),YES,0.99,0.78,2.0,67053.18,67191.6
2026-02-18 22:35:48,1388761,Condition_1_MOMENTUM,YES,0.99,0.74,2.0,67039.27,67150.9
2026-02-18 22:40:55,1388762,Condition_1_MOMENTUM,NO,0.99,0.69,2.0,67135.26,67033.9
2026-02-18 22:45:52,1388765,Condition_3_FLUC_BREAK (129.02 > 0.7*184.21 & > 65.0),YES,0.99,0.79,2.0,67114.28,67243.3
2026-02-18 22:50:59,1388770,Condition_1_MOMENTUM,YES,0.99,0.66,2.0,66733.46,66813.5
2026-02-18 23:01:56,1388975,Condition_1_MOMENTUM,YES,0.99,0.75,2.0,67184.41,67278.02
2026-02-18 23:06:41,1388986,Condition_1_MOMENTUM,NO,0.99,0.74,2.0,67443.85,67351.9
2026-02-18 23:11:35,1388991,Condition_1_MOMENTUM,NO,0.99,0.66,2.0,67332.01,67250.46
2026-02-18 23:16:34,1388995,Condition_1_MOMENTUM,YES,0.99,0.74,2.0,67330.98,67413.95
2026-02-18 23:35:49,1389012,Condition_1_MOMENTUM,YES,0.99,0.82,2.0,67408.62,67520.0
2026-02-18 23:40:35,1389014,Condition_1_MOMENTUM,YES,0.99,0.71,2.0,68085.22,68200.34
2026-02-18 23:45:50,1389015,Condition_1_MOMENTUM,NO,0.99,0.78,2.0,68090.3,67991.11
2026-02-18 23:52:35,1389021,Condition_2_MOMENTUM,NO,0.99,0.87,2.0,67809.01,67709.98
2026-02-19 00:02:26,1389065,Condition_2_MOMENTUM,NO,0.99,0.69,2.0,67663.66,67566.46
2026-02-19 00:05:32,1389073,Condition_2_MOMENTUM,NO,0.99,0.6,2.0,67360.95,67253.22
2026-02-19 00:11:12,1389076,Condition_2_MOMENTUM,NO,0.99,0.71,2.0,67091.05,67010.0
2026-02-19 00:16:21,1389084,Condition_2_MOMENTUM,YES,0.99,0.75,2.0,67037.99,67123.12
2026-02-19 00:20:53,1389087,Condition_2_MOMENTUM,YES,0.99,0.73,2.0,67135.23,67234.67
2026-02-19 00:43:03,1389163,Condition_2_MOMENTUM,YES,0.99,0.87,2.0,67160.37,67252.31
2026-02-19 00:46:20,1389164,Condition_4_FLUC_BREAK (78.04 > 0.7*101.99 & > 65.0),NO,0.99,0.78,2.0,67188.44,67110.4
2026-02-19 00:52:50,1389176,Condition_2_MOMENTUM,NO,0.99,0.86,2.0,67127.99,67020.05
2026-02-19 01:01:23,1389306,Condition_4_FLUC_BREAK (70.61 > 0.7*96.96 & > 65.0),YES,0.99,0.78,2.0,67105.38,67175.99
2026-02-19 01:06:02,1389327,Condition_2_MOMENTUM,YES,0.99,0.84,2.0,67181.82,67285.01
2026-02-19 01:12:06,1389328,Condition_2_MOMENTUM,NO,0.99,0.87,2.0,67275.42,67169.81
2026-02-19 01:17:37,1389332,Condition_2_MOMENTUM,YES,0.99,0.86,2.0,67041.0,67122.04
2026-02-19 01:25:41,1389339,Condition_4_FLUC_BREAK (74.70 > 0.7*103.60 & > 65.0),NO,0.99,0.75,2.0,67112.16,67037.46
2026-02-19 01:31:49,1389346,Condition_4_FLUC_BREAK (82.23 > 0.7*97.03 & > 65.0),YES,0.99,0.86,2.0,67096.77,67179.0
2026-02-19 01:41:16,1389351,Condition_4_FLUC_BREAK (80.90 > 0.7*75.58 & > 65.0),NO,0.99,0.81,2.0,67166.9,67086.0
2026-02-19 01:51:40,1389357,Condition_4_FLUC_BREAK (65.14 > 0.7*92.08 & > 65.0),NO,0.99,0.87,2.0,67131.01,67065.87
2026-02-19 02:21:38,1389620,Condition_2_MOMENTUM,NO,0.99,0.77,2.0,66850.86,66769.37
2026-02-19 02:26:06,1389630,Condition_2_MOMENTUM,YES,0.99,0.85,2.0,66794.94,66899.23
2026-02-19 02:30:41,1389632,Condition_2_MOMENTUM,NO,0.99,0.78,2.0,66832.16,66727.2
2026-02-19 02:40:33,1389640,Condition_4_FLUC_BREAK (96.26 > 0.7*133.71 & > 65.0),NO,0.99,0.74,2.0,66843.26,66747.0
2026-02-19 02:46:14,1389644,Condition_2_MOMENTUM,NO,0.99,0.65,2.0,66309.64,66221.96
2026-02-19 02:50:14,1389647,Condition_2_MOMENTUM,NO,0.99,0.67,2.0,66480.21,66393.93
2026-02-19 02:58:15,1389677,Condition_2_MOMENTUM,NO,0.99,0.89,2.0,66360.89,66280.07
2026-02-19 03:01:11,1389697,Condition_2_MOMENTUM,YES,0.99,0.7,2.0,66314.98,66403.24
2026-02-19 03:07:22,1389702,Condition_2_MOMENTUM,NO,0.99,0.82,2.0,66493.96,66387.46
2026-02-19 03:11:04,1389722,Condition_2_MOMENTUM,YES,0.99,0.79,2.0,66432.1,66515.36
2026-02-19 03:18:12,1389724,Condition_2_MOMENTUM,NO,0.99,0.86,2.0,66326.28,66234.07
2026-02-19 03:23:12,1389729,Condition_2_MOMENTUM,NO,0.99,0.84,2.0,66368.99,66271.06
2026-02-19 03:25:24,1389730,Condition_2_MOMENTUM,NO,0.99,0.76,2.0,66223.73,66123.23
2026-02-19 03:30:29,1389735,Condition_2_MOMENTUM,NO,0.99,0.67,2.0,66233.89,66144.32
2026-02-19 03:36:20,1389736,Condition_2_MOMENTUM,NO,0.99,0.81,2.0,66077.22,65976.06
2026-02-19 03:41:24,1389738,Condition_2_MOMENTUM,YES,0.99,0.84,2.0,65940.1,66044.31
2026-02-19 03:46:07,1389739,Condition_2_MOMENTUM,YES,0.99,0.77,2.0,66114.01,66213.85
2026-02-19 04:01:30,1389806,Condition_2_MOMENTUM,YES,0.99,0.84,2.0,66137.51,66222.83
2026-02-19 04:07:38,1389824,Condition_2_MOMENTUM,NO,0.99,0.84,2.0,66226.39,66146.32
2026-02-19 04:17:03,1389828,Condition_2_MOMENTUM,NO,0.99,0.82,2.0,66222.01,66139.74
2026-02-19 04:21:43,1389848,Condition_4_FLUC_BREAK (86.70 > 0.7*123.57 & > 65.0),NO,0.99,0.79,2.0,66209.7,66123.0
2026-02-19 04:31:00,1389914,Condition_4_FLUC_BREAK (84.12 > 0.7*113.52 & > 65.0),YES,0.99,0.79,2.0,66266.76,66350.88
2026-02-19 04:36:57,1389919,Condition_2_MOMENTUM,YES,0.99,0.83,2.0,66396.0,66479.54
2026-02-19 04:41:03,1389956,Condition_2_MOMENTUM,NO,0.99,0.79,2.0,66455.12,66369.22
2026-02-19 04:47:11,1390033,Condition_4_FLUC_BREAK (83.50 > 0.7*117.46 & > 65.0),YES,0.99,0.83,2.0,66382.1,66465.6
2026-02-19 04:51:58,1390038,Condition_2_MOMENTUM,NO,0.99,0.75,2.0,66437.83,66323.4
2026-02-19 05:02:22,1390092,Condition_4_FLUC_BREAK (77.51 > 0.7*106.99 & > 65.0),YES,0.99,0.86,2.0,66226.46,66303.97
2026-02-19 05:11:12,1390099,Condition_4_FLUC_BREAK (67.14 > 0.7*83.00 & > 65.0),YES,0.99,0.79,2.0,66083.51,66150.65
2026-02-19 05:35:43,1390184,Condition_4_FLUC_BREAK (94.55 > 0.7*127.19 & > 65.0),NO,0.99,0.81,2.0,66437.99,66343.44
2026-02-19 05:50:55,1390206,Condition_4_FLUC_BREAK (68.89 > 0.7*49.32 & > 65.0),NO,0.99,0.83,2.0,66422.91,66354.02
2026-02-19 05:56:06,1390255,Condition_2_MOMENTUM,YES,0.99,0.87,2.0,66278.09,66382.51
2026-02-19 06:05:56,1390284,Condition_4_FLUC_BREAK (66.57 > 0.7*91.91 & > 65.0),YES,0.99,0.83,2.0,66277.23,66343.8
2026-02-19 06:31:14,1390384,Condition_4_FLUC_BREAK (65.58 > 0.7*50.00 & > 65.0),YES,0.99,0.8,2.0,66276.06,66341.64
2026-02-19 07:32:43,1390544,Condition_4_FLUC_BREAK (65.62 > 0.7*74.87 & > 65.0),YES,0.99,0.88,2.0,66283.92,66349.54
2026-02-19 08:07:08,1390825,Condition_1_STRONG_FLUC (72.19 > 0.8*Max(87.01) & > 45.0),YES,0.99,0.81,2.0,66395.31,66467.5
2026-02-19 08:25:31,1390873,Condition_4_FLUC_BREAK (80.81 > 0.7*86.60 & > 65.0),NO,0.99,0.82,2.0,66389.4,66308.59
2026-02-19 09:13:01,1390959,Condition_4_FLUC_BREAK (92.58 > 0.7*69.01 & > 65.0),YES,0.99,0.88,2.0,66546.0,66638.58
2026-02-19 09:37:24,1391007,Condition_4_FLUC_BREAK (65.02 > 0.7*82.42 & > 65.0),NO,0.99,0.88,2.0,66713.02,66648.0
2026-02-19 10:02:03,1391025,Condition_4_FLUC_BREAK (69.09 > 0.7*48.94 & > 65.0),NO,0.99,0.89,2.0,66835.98,66766.89
2026-02-19 10:30:57,1391043,Condition_4_FLUC_BREAK (65.63 > 0.7*42.40 & > 65.0),NO,0.99,0.81,2.0,66911.64,66846.01
2026-02-19 10:35:23,1391046,Condition_4_FLUC_BREAK (77.58 > 0.7*110.64 & > 65.0),NO,0.99,0.75,2.0,66821.58,66744.0
2026-02-19 10:57:22,1391062,Condition_4_FLUC_BREAK (70.99 > 0.7*54.99 & > 65.0),YES,0.99,0.8,2.0,66649.01,66720.0
2026-02-19 11:06:39,1391069,Condition_4_FLUC_BREAK (66.84 > 0.7*94.70 & > 65.0),NO,0.99,0.88,2.0,66840.85,66774.01
2026-02-19 14:31:58,1391583,Condition_4_FLUC_BREAK (77.36 > 0.7*58.95 & > 65.0),YES,0.99,0.81,2.0,67149.36,67226.72
2026-02-19 15:02:09,1391607,Condition_4_FLUC_BREAK (68.95 > 0.7*62.99 & > 65.0),NO,0.99,0.89,2.0,67118.96,67050.01
2026-02-19 15:06:32,1391609,Condition_4_FLUC_BREAK (73.52 > 0.7*94.03 & > 65.0),NO,0.99,0.88,2.0,67073.93,67000.41
2026-02-19 15:21:15,1391616,Condition_4_FLUC_BREAK (68.64 > 0.7*58.56 & > 65.0),YES,0.99,0.87,2.0,67143.36,67212.0
2026-02-19 16:01:30,1391661,Condition_4_FLUC_BREAK (71.66 > 0.7*55.75 & > 65.0),NO,0.99,0.85,2.0,67171.95,67100.29
2026-02-19 16:05:55,1391663,Condition_1_STRONG_FLUC (71.34 > 0.8*Max(88.95) & > 45.0),NO,0.99,0.83,2.0,67119.0,67047.66
2026-02-19 16:32:35,1391728,Condition_4_FLUC_BREAK (67.38 > 0.7*88.59 & > 65.0),NO,0.99,0.86,2.0,66875.65,66808.27
2026-02-19 16:46:09,1391737,Condition_4_FLUC_BREAK (78.76 > 0.7*64.99 & > 65.0),NO,0.99,0.81,2.0,66897.99,66819.23
2026-02-19 17:36:52,1391872,Condition_4_FLUC_BREAK (66.22 > 0.7*53.97 & > 65.0),NO,0.99,0.88,2.0,67101.94,67035.72
2026-02-19 17:46:30,1391877,Condition_4_FLUC_BREAK (72.31 > 0.7*45.15 & > 65.0),NO,0.99,0.85,2.0,67034.0,66961.69
2026-02-19 18:35:38,1391910,Condition_1_STRONG_FLUC (64.14 > 0.8*Max(75.25) & > 45.0),NO,0.99,0.84,2.0,66874.1,66809.96
2026-02-19 18:51:04,1391917,Condition_4_FLUC_BREAK (66.22 > 0.7*75.24 & > 65.0),NO,0.99,0.88,2.0,66861.13,66794.91
2026-02-19 19:35:32,1392098,Condition_1_STRONG_FLUC (69.28 > 0.8*Max(81.48) & > 45.0),NO,0.99,0.87,2.0,66814.53,66745.25
2026-02-19 19:50:27,1392105,Condition_4_FLUC_BREAK (73.89 > 0.7*93.26 & > 65.0),NO,0.99,0.75,2.0,66649.07,66575.18
2026-02-19 20:05:28,1392139,Condition_4_FLUC_BREAK (78.28 > 0.7*109.29 & > 65.0),YES,0.99,0.84,2.0,66403.72,66482.0
2026-02-19 20:16:17,1392142,Condition_4_FLUC_BREAK (65.22 > 0.7*81.27 & > 65.0),NO,0.99,0.82,2.0,66522.96,66457.74
2026-02-19 20:22:18,1392147,Condition_4_FLUC_BREAK (78.76 > 0.7*109.96 & > 65.0),YES,0.99,0.87,2.0,66469.42,66548.18
2026-02-19 20:38:22,1392155,Condition_4_FLUC_BREAK (72.06 > 0.7*53.66 & > 65.0),NO,0.99,0.89,2.0,66608.01,66535.95
2026-02-19 21:05:46,1392251,Condition_2_MOMENTUM,NO,0.99,0.81,2.0,66408.96,66305.53
2026-02-19 21:17:15,1392258,Condition_4_FLUC_BREAK (65.67 > 0.7*90.48 & > 65.0),NO,0.99,0.87,2.0,66362.63,66296.96
2026-02-19 21:32:27,1392263,Condition_4_FLUC_BREAK (66.20 > 0.7*91.93 & > 65.0),YES,0.99,0.81,2.0,66144.76,66210.96
2026-02-19 21:42:10,1392267,Condition_2_MOMENTUM,NO,0.99,0.83,2.0,66078.52,65976.1
2026-02-19 21:50:43,1392273,Condition_2_MOMENTUM,YES,0.99,0.78,2.0,65785.92,65885.19
2026-02-19 22:00:48,1392319,Condition_4_FLUC_BREAK (72.33 > 0.7*93.27 & > 65.0),YES,0.99,0.72,2.0,65876.88,65949.21
2026-02-19 22:06:00,1392321,Condition_2_MOMENTUM,YES,0.99,0.87,2.0,65840.74,65937.02
2026-02-19 22:32:55,1392362,Condition_2_MOMENTUM,NO,0.99,0.8,2.0,65951.99,65858.54
2026-02-19 22:36:07,1392368,Condition_2_MOMENTUM,NO,0.99,0.67,2.0,65714.31,65628.0
2026-02-19 22:45:27,1392371,Condition_2_MOMENTUM,NO,0.99,0.73,2.0,66235.99,66148.0
2026-02-19 22:51:19,1392375,Condition_2_MOMENTUM,YES,0.99,0.75,2.0,66232.9,66321.24
2026-02-19 22:55:24,1392428,Condition_2_MOMENTUM,YES,0.99,0.71,2.0,66435.35,66560.0
2026-02-19 23:01:15,1392430,Condition_2_MOMENTUM,YES,0.99,0.73,2.0,66397.57,66484.81
2026-02-19 23:06:52,1392434,Condition_2_MOMENTUM,NO,0.99,0.48,2.0,66583.96,66477.3
2026-02-19 23:11:27,1392435,Condition_2_MOMENTUM,NO,0.99,0.75,2.0,66366.77,66279.99
2026-02-19 23:15:47,1392439,Condition_2_MOMENTUM,YES,0.99,0.8,2.0,66054.45,66168.0
2026-02-19 23:21:23,1392443,Condition_2_MOMENTUM,NO,0.99,0.73,2.0,66152.27,66070.23
2026-02-19 23:25:45,1392469,Condition_2_MOMENTUM,NO,0.99,0.69,2.0,66178.09,66084.0
2026-02-19 23:31:37,1392495,Condition_2_MOMENTUM,YES,0.99,0.76,2.0,66015.32,66109.96
2026-02-19 23:35:18,1392497,Condition_2_MOMENTUM,YES,0.99,0.73,2.0,66265.16,66371.33
2026-02-19 23:42:29,1392499,Condition_2_MOMENTUM,YES,0.99,0.78,2.0,66397.13,66480.69
2026-02-19 23:46:51,1392502,Condition_2_MOMENTUM,YES,0.99,0.76,2.0,66445.56,66541.02
2026-02-19 23:50:59,1392505,Condition_2_MOMENTUM,NO,0.99,0.72,2.0,66279.79,66161.32
2026-02-19 23:56:32,1392671,Condition_2_MOMENTUM,YES,0.99,0.81,2.0,66256.12,66348.64
2026-02-20 00:01:29,1392674,Condition_2_MOMENTUM,NO,0.99,0.83,2.0,66367.98,66262.68
2026-02-20 00:06:58,1392677,Condition_2_MOMENTUM,NO,0.99,0.83,2.0,66070.54,65972.36
2026-02-20 01:17:22,1393075,Condition_2_MOMENTUM,YES,0.99,0.85,4.0,66634.94,66773.3
2026-02-20 01:25:20,1393080,Condition_2_MOMENTUM,NO,0.99,0.77,2.0,66825.78,66710.77
2026-02-20 01:34:03,1393081,Condition_2_MOMENTUM,NO,0.99,0.88,2.0,66590.24,66510.0
2026-02-20 01:36:25,1393142,Condition_2_MOMENTUM,YES,0.99,0.84,2.0,66487.06,66574.02
2026-02-20 01:42:01,1393184,Condition_2_MOMENTUM,YES,0.99,0.81,2.0,66483.17,66564.0
2026-02-20 01:48:50,1393186,Condition_2_MOMENTUM,NO,0.99,0.82,2.0,66580.0,66490.01
2026-02-20 01:52:47,1393191,Condition_2_MOMENTUM,NO,0.99,0.88,2.0,66424.54,66329.51
2026-02-20 01:55:15,1393293,Condition_2_MOMENTUM,YES,0.99,0.78,2.0,66186.89,66280.01
2026-02-20 02:01:36,1393295,Condition_2_MOMENTUM,NO,0.99,0.77,2.0,66334.39,66251.37
2026-02-20 02:07:06,1393302,Condition_2_MOMENTUM,YES,0.99,0.84,2.0,66238.64,66320.02
2026-02-20 02:11:28,1393303,Condition_2_MOMENTUM,YES,0.99,0.76,2.0,66367.5,66448.75
2026-02-20 02:22:55,1393327,Condition_2_MOMENTUM,YES,0.99,0.88,2.0,66536.06,66620.33
2026-02-20 02:28:22,1393367,Condition_5_TREND,YES,0.99,0.83,2.0,66795.13,66866.27
2026-02-20 02:35:26,1393375,Condition_2_MOMENTUM,YES,0.99,0.78,2.0,66698.69,66791.6
2026-02-20 02:42:05,1393376,Condition_2_MOMENTUM,YES,0.99,0.86,2.0,66786.9,66871.23
2026-02-20 02:56:52,1393430,Condition_4_FLUC_BREAK (75.95 > 0.7*106.70 & > 65.0),NO,0.99,0.85,2.0,67009.99,66934.04
2026-02-20 03:01:05,1393434,Condition_2_MOMENTUM,NO,0.99,0.84,2.0,67005.61,66910.05
2026-02-20 03:11:09,1393442,Condition_1_HARD_ABS (141.98 > 140.0),NO,0.99,0.84,2.0,67071.99,66930.01
2026-02-20 03:17:47,1393465,Condition_2_MOMENTUM,YES,0.99,0.85,2.0,66885.01,66977.96
2026-02-20 03:22:47,1393486,Condition_2_MOMENTUM,YES,0.99,0.85,2.0,66946.35,67026.73
2026-02-20 03:26:31,1393518,Condition_2_MOMENTUM,NO,0.99,0.81,2.0,67026.0,66943.21
2026-02-20 03:32:39,1393557,Condition_2_MOMENTUM,NO,0.99,0.81,2.0,66916.01,66831.12
2026-02-20 03:37:03,1393629,Condition_2_MOMENTUM,NO,0.99,0.85,2.0,66876.01,66791.6
2026-02-20 03:50:17,1393706,Condition_4_FLUC_BREAK (90.73 > 0.7*128.84 & > 65.0),YES,0.99,0.81,2.0,66803.44,66894.17
2026-02-20 04:04:28,1393785,Condition_4_FLUC_BREAK (103.42 > 0.7*88.06 & > 65.0),YES,0.99,0.87,2.0,67025.6,67129.02
2026-02-20 04:06:11,1393848,Condition_2_MOMENTUM,NO,0.99,0.83,2.0,67052.44,66952.01
2026-02-20 08:21:08,1395476,Condition_4_FLUC_BREAK (105.92 > 0.7*138.31 & > 65.0),YES,0.99,0.79,2.0,67135.05,67240.97
2026-02-20 08:26:45,1395482,Condition_1_HARD_ABS (185.02 > 140.0),YES,0.99,0.83,2.0,67214.98,67400.0
2026-02-20 08:32:11,1395485,Condition_2_MOMENTUM,NO,0.99,0.87,2.0,67360.79,67256.01
2026-02-20 08:41:46,1395547,Condition_4_FLUC_BREAK (69.65 > 0.7*92.99 & > 65.0),NO,0.99,0.84,2.0,67297.59,67227.94
2026-02-20 09:15:56,1395644,Condition_4_FLUC_BREAK (76.06 > 0.7*56.56 & > 65.0),NO,0.99,0.84,2.0,67300.81,67224.75
2026-02-20 09:35:54,1395718,Condition_4_FLUC_BREAK (81.67 > 0.7*65.12 & > 65.0),YES,0.99,0.88,2.0,67222.33,67304.0
2026-02-20 09:51:09,1395768,Condition_4_FLUC_BREAK (76.65 > 0.7*106.57 & > 65.0),NO,0.99,0.87,2.0,67215.63,67138.98
2026-02-20 11:25:49,1395965,Condition_1_STRONG_FLUC (56.26 > 0.8*Max(68.21) & > 45.0),YES,0.99,0.86,2.0,67352.01,67408.27
2026-02-20 11:40:40,1395980,Condition_4_FLUC_BREAK (91.96 > 0.7*115.37 & > 65.0),NO,0.99,0.71,2.0,67448.69,67356.73
2026-02-20 13:07:46,1396230,Condition_1_STRONG_FLUC (58.92 > 0.8*Max(67.02) & > 45.0),NO,0.99,0.89,2.0,67254.86,67195.94
2026-02-20 13:31:16,1396260,Condition_4_FLUC_BREAK (80.11 > 0.7*113.94 & > 65.0),YES,0.99,0.89,2.0,67380.01,67460.12
2026-02-20 13:36:12,1396261,Condition_2_MOMENTUM,NO,0.99,0.73,2.0,67870.0,67789.01
2026-02-20 13:51:46,1396277,Condition_2_MOMENTUM,NO,0.99,0.87,2.0,67950.75,67868.01
2026-02-20 14:32:00,1396439,Condition_4_FLUC_BREAK (67.12 > 0.7*74.27 & > 65.0),YES,0.99,0.86,2.0,67700.92,67768.04
2026-02-20 15:36:26,1396541,Condition_4_FLUC_BREAK (66.80 > 0.7*55.94 & > 65.0),NO,0.99,0.87,2.0,67912.44,67845.64
2026-02-20 15:55:40,1396568,Condition_1_STRONG_FLUC (63.84 > 0.8*Max(77.99) & > 45.0),NO,0.99,0.86,2.0,67868.05,67804.21
2026-02-20 19:11:22,1397130,Condition_2_MOMENTUM,NO,0.99,0.85,2.0,67934.32,67829.84
2026-02-20 19:36:17,1397191,Condition_4_FLUC_BREAK (88.77 > 0.7*94.29 & > 65.0),NO,0.99,0.88,2.0,67794.77,67706.0
2026-02-20 19:51:55,1397207,Condition_4_FLUC_BREAK (95.98 > 0.7*135.69 & > 65.0),YES,0.99,0.89,2.0,67457.99,67553.97
2026-02-20 20:18:27,1397265,Condition_4_FLUC_BREAK (75.77 > 0.7*83.83 & > 65.0),NO,0.99,0.86,2.0,67461.29,67385.52
2026-02-20 20:27:55,1397277,Condition_2_MOMENTUM,NO,0.99,0.88,2.0,67415.05,67307.43
2026-02-20 20:36:10,1397292,Condition_4_FLUC_BREAK (71.98 > 0.7*98.44 & > 65.0),YES,0.99,0.83,2.0,67373.18,67445.16
2026-02-20 20:52:00,1397318,Condition_4_FLUC_BREAK (67.56 > 0.7*54.07 & > 65.0),YES,0.99,0.88,2.0,67476.94,67544.5
2026-02-20 21:00:23,1397451,Condition_4_FLUC_BREAK (70.70 > 0.7*78.26 & > 65.0),NO,0.99,0.71,2.0,67520.7,67450.0
2026-02-20 21:05:26,1397467,Condition_2_MOMENTUM,NO,0.99,0.68,2.0,67214.99,67132.39
2026-02-20 21:31:25,1397494,Condition_2_MOMENTUM,NO,0.99,0.84,2.0,67184.01,67075.0
2026-02-20 21:41:04,1397504,Condition_2_MOMENTUM,NO,0.99,0.66,2.0,66520.63,66427.44
2026-02-21 07:27:10,1399778,Condition_4_FLUC_BREAK (68.82 > 0.7*81.40 & > 65.0),YES,0.99,0.88,2.0,67942.99,68011.81
2026-02-21 08:25:48,1400146,Condition_4_FLUC_BREAK (65.61 > 0.7*55.99 & > 65.0),NO,0.99,0.89,2.0,67925.61,67860.0
2026-02-21 10:46:49,1400579,Condition_1_STRONG_FLUC (56.74 > 0.8*Max(69.09) & > 45.0),NO,0.99,0.88,2.0,68060.01,68003.27
2026-02-21 11:40:24,1400651,Condition_1_STRONG_FLUC (62.42 > 0.8*Max(75.37) & > 45.0),NO,0.99,0.88,2.0,67747.17,67684.75
2026-02-21 12:53:09,1400764,Condition_1_STRONG_FLUC (61.27 > 0.8*Max(75.67) & > 45.0),YES,0.99,0.83,2.0,67695.99,67757.26
2026-02-21 14:31:04,1401213,Condition_1_STRONG_FLUC (46.97 > 0.8*Max(54.17) & > 45.0),NO,0.99,0.87,2.0,67854.2,67807.23
2026-02-21 20:36:28,1401964,Condition_1_STRONG_FLUC (45.05 > 0.8*Max(56.29) & > 45.0),YES,0.99,0.89,2.0,67940.63,67985.68
2026-02-21 22:25:31,1402270,Condition_1_STRONG_FLUC (63.48 > 0.8*Max(78.39) & > 45.0),YES,0.99,0.5,2.0,68480.03,68543.51
2026-02-21 22:31:23,1402274,Condition_2_MOMENTUM,YES,0.99,0.89,2.0,68423.23,68523.05
2026-02-22 00:01:25,1402666,Condition_2_MOMENTUM,NO,0.99,0.88,2.0,68595.16,68510.0
2026-02-22 00:17:02,1402783,Condition_4_FLUC_BREAK (76.68 > 0.7*109.32 & > 65.0),NO,0.99,0.88,2.0,68340.08,68263.4
2026-02-22 00:22:15,1402789,Condition_4_FLUC_BREAK (97.16 > 0.7*138.79 & > 65.0),NO,0.99,0.84,2.0,68247.29,68150.13
2026-02-22 00:31:13,1402880,Condition_2_MOMENTUM,NO,0.99,0.83,2.0,68253.77,68159.9
2026-02-22 01:37:09,1403135,Condition_4_FLUC_BREAK (69.85 > 0.7*45.22 & > 65.0),YES,0.99,0.86,2.0,68280.15,68350.0
2026-02-22 02:20:34,1403293,Condition_1_STRONG_FLUC (62.15 > 0.8*Max(66.39) & > 45.0),NO,0.99,0.4,2.0,68477.38,68415.23
2026-02-22 03:50:25,1403522,Condition_1_STRONG_FLUC (49.80 > 0.8*Max(60.23) & > 45.0),NO,0.99,0.84,2.0,68584.64,68534.84
2026-02-22 04:37:51,1403595,Condition_4_FLUC_BREAK (66.08 > 0.7*45.32 & > 65.0),NO,0.99,0.75,2.0,68531.08,68465.0
2026-02-22 04:40:29,1403599,Condition_1_STRONG_FLUC (80.72 > 0.8*Max(99.95) & > 45.0),NO,0.99,0.75,2.0,68422.49,68341.77
2026-02-22 04:53:42,1403628,Condition_4_FLUC_BREAK (67.06 > 0.7*84.29 & > 65.0),NO,0.99,0.57,2.0,68393.23,68326.17
2026-02-22 05:11:43,1403681,Condition_4_FLUC_BREAK (66.12 > 0.7*90.97 & > 65.0),NO,0.99,0.79,2.0,68321.99,68255.87
2026-02-22 05:47:37,1403757,Condition_1_STRONG_FLUC (50.30 > 0.8*Max(59.06) & > 45.0),YES,0.99,0.87,2.0,68273.4,68323.7
2026-02-22 06:13:15,1403800,Condition_1_STRONG_FLUC (80.58 > 0.8*Max(95.81) & > 45.0),NO,0.99,0.54,2.0,68331.25,68250.67
2026-02-22 06:56:32,1404274,Condition_4_FLUC_BREAK (70.50 > 0.7*79.17 & > 65.0),NO,0.99,0.83,2.0,68086.2,68015.7
2026-02-22 09:02:11,1404819,Condition_1_STRONG_FLUC (49.40 > 0.8*Max(51.79) & > 45.0),YES,0.99,0.88,2.0,67920.31,67969.71
2026-02-22 09:06:55,1404867,Condition_4_FLUC_BREAK (66.76 > 0.7*82.00 & > 65.0),YES,0.99,0.88,2.0,67969.48,68036.24
2026-02-22 10:36:04,1405000,Condition_4_FLUC_BREAK (70.25 > 0.7*71.06 & > 65.0),NO,0.99,0.88,2.0,68086.22,68015.97
2026-02-22 12:25:55,1405274,Condition_1_STRONG_FLUC (58.50 > 0.8*Max(57.17) & > 45.0),NO,0.99,0.79,2.0,68000.98,67942.48
2026-02-22 13:11:40,1405901,Condition_1_STRONG_FLUC (51.06 > 0.8*Max(57.68) & > 45.0),NO,0.99,0.8,2.0,67931.55,67880.49
2026-02-22 14:27:27,1406425,Condition_1_STRONG_FLUC (109.70 > 0.8*Max(71.60) & > 45.0),YES,0.99,0.74,2.0,68019.67,68129.37
2026-02-22 15:53:38,1406589,Condition_1_STRONG_FLUC (47.58 > 0.8*Max(57.55) & > 45.0),NO,0.99,0.54,2.0,68047.58,68000.0
2026-02-22 18:01:43,1406963,Condition_1_STRONG_FLUC (48.75 > 0.8*Max(60.64) & > 45.0),NO,0.99,0.85,2.0,68040.98,67992.23
2026-02-22 19:07:33,1407321,Condition_1_STRONG_FLUC (45.44 > 0.8*Max(47.13) & > 45.0),YES,0.99,0.88,2.0,68168.01,68213.45
2026-02-22 20:05:36,1407476,Condition_1_STRONG_FLUC (45.12 > 0.8*Max(31.99) & > 45.0),NO,0.99,0.83,2.0,68120.01,68074.89
2026-02-22 21:50:48,1407629,Condition_4_FLUC_BREAK (85.41 > 0.7*116.55 & > 65.0),NO,0.99,0.79,2.0,67675.26,67589.85
2026-02-22 22:35:47,1407838,Condition_4_FLUC_BREAK (66.31 > 0.7*63.25 & > 65.0),NO,0.99,0.81,2.0,67642.96,67576.65
2026-02-23 01:11:22,1408614,Condition_1_STRONG_FLUC (86.59 > 0.8*Max(80.59) & > 45.0),YES,0.99,0.85,2.0,67519.41,67606.0
2026-02-23 01:36:51,1409396,Condition_1_STRONG_FLUC (96.01 > 0.8*Max(92.60) & > 45.0),NO,0.99,0.87,2.0,67276.01,67180.0
2026-02-23 01:46:51,1409417,Condition_4_FLUC_BREAK (65.52 > 0.7*76.60 & > 65.0),YES,0.99,0.88,2.0,67242.48,67308.0
2026-02-23 03:11:04,1409846,Condition_4_FLUC_BREAK (70.47 > 0.7*33.00 & > 65.0),NO,0.99,0.83,2.0,67464.14,67393.67
2026-02-23 04:52:04,1410148,Condition_1_STRONG_FLUC (59.34 > 0.8*Max(73.05) & > 45.0),NO,0.99,0.89,2.0,67425.48,67366.14
2026-02-23 08:20:58,1411499,Condition_4_FLUC_BREAK (67.15 > 0.7*95.21 & > 65.0),NO,0.99,0.84,2.0,67538.44,67471.29
2026-02-23 08:26:33,1411502,Condition_1_STRONG_FLUC (78.00 > 0.8*Max(96.11) & > 45.0),NO,0.99,0.89,2.0,67448.01,67370.01
2026-02-23 08:31:39,1411511,Condition_4_FLUC_BREAK (66.59 > 0.7*91.91 & > 65.0),NO,0.99,0.87,2.0,67439.04,67372.45
2026-02-23 08:48:36,1411529,Condition_5_TREND,YES,0.99,0.17,2.0,67064.04,67135.88
2026-02-23 08:56:41,1411540,Condition_4_FLUC_BREAK (93.01 > 0.7*112.18 & > 65.0),NO,0.99,0.88,2.0,67121.09,67028.08
2026-02-23 09:00:15,1411550,Condition_2_MOMENTUM,NO,0.99,0.67,2.0,66714.9,66617.98
2026-02-23 09:27:48,1411615,Condition_2_MOMENTUM,YES,0.99,0.75,4.0,65056.86,65186.98
2026-02-23 09:31:34,1411619,Condition_2_MOMENTUM,YES,0.99,0.77,2.0,65043.81,65130.52
2026-02-23 09:35:17,1411627,Condition_2_MOMENTUM,NO,0.99,0.69,2.0,65262.97,65140.25
2026-02-23 09:40:17,1411630,Condition_2_MOMENTUM,NO,0.99,0.74,2.0,65366.0,65258.14
2026-02-23 09:45:32,1411639,Condition_2_MOMENTUM,NO,0.99,0.49,2.0,65105.73,65004.32
2026-02-23 09:50:34,1411644,Condition_1_HARD_ABS (148.49 > 140.0),YES,0.99,0.74,2.0,64655.5,64803.99
2026-02-23 09:55:25,1411653,Condition_2_MOMENTUM,YES,0.99,0.74,2.0,64429.3,64512.17
2026-02-23 10:00:31,1411656,Condition_2_MOMENTUM,NO,0.99,0.65,2.0,64417.98,64320.01
