timestamp,market_id,condition,side,limit_price,poly_price,amount,start_price,trigger_price
2026-02-25 00:01:33,1419069,Condition_2_MOMENTUM,YES,0.99,0.77,2.0,63979.21,64061.88
2026-02-25 00:07:20,1419077,Condition_2_MOMENTUM,NO,0.99,0.79,2.0,64316.32,64225.95
2026-02-25 00:10:23,1419080,Condition_2_MOMENTUM,NO,0.99,0.82,2.0,64204.02,64079.21
2026-02-25 00:17:10,1419082,Condition_2_MOMENTUM,NO,0.99,0.88,2.0,64163.8,64068.32
2026-02-25 00:22:12,1419092,Condition_2_MOMENTUM,NO,0.99,0.81,2.0,64156.7,64057.96
2026-02-25 00:30:39,1419192,Condition_2_MOMENTUM,NO,0.99,0.76,2.0,63955.98,63865.99
2026-02-25 00:35:51,1419245,Condition_2_MOMENTUM,YES,0.99,0.81,2.0,63741.32,63847.1
2026-02-25 00:53:15,1419329,Condition_2_MOMENTUM,NO,0.99,0.88,2.0,63905.09,63823.64
2026-02-25 00:56:42,1419824,Condition_2_MOMENTUM,YES,0.99,0.86,2.0,63917.0,64016.64
2026-02-25 01:02:39,1419844,Condition_2_MOMENTUM,NO,0.99,0.84,2.0,64269.29,64189.02
2026-02-25 01:07:17,1419856,Condition_2_MOMENTUM,YES,0.99,0.88,2.0,64276.52,64369.61
2026-02-25 01:12:09,1419863,Condition_2_MOMENTUM,NO,0.99,0.8,2.0,64434.83,64351.8
2026-02-25 01:15:49,1419969,Condition_2_MOMENTUM,NO,0.99,0.85,2.0,64409.34,64291.95
2026-02-25 02:17:42,1420404,Condition_2_MOMENTUM,YES,0.99,0.87,2.0,63979.12,64061.99
2026-02-25 02:21:06,1420411,Condition_2_MOMENTUM,YES,0.99,0.84,2.0,64245.98,64340.0
2026-02-25 02:31:23,1420442,Condition_4_FLUC_BREAK (65.88 > 0.8*71.50 & > 65.0),YES,0.99,0.78,2.0,64300.0,64365.88
2026-02-25 02:41:28,1420484,Condition_4_FLUC_BREAK (78.81 > 0.8*95.62 & > 65.0),YES,0.99,0.79,2.0,64379.59,64458.4
2026-02-25 02:56:52,1420544,Condition_4_FLUC_BREAK (78.51 > 0.8*94.08 & > 65.0),NO,0.99,0.87,2.0,64477.81,64399.3
2026-02-25 03:06:26,1420564,Condition_2_MOMENTUM,YES,0.99,0.82,2.0,64514.03,64595.77
2026-02-25 03:21:15,1420678,Condition_4_FLUC_BREAK (97.28 > 0.8*120.84 & > 65.0),YES,0.99,0.88,2.0,64284.34,64381.62
2026-02-25 04:15:43,1420953,Condition_4_FLUC_BREAK (98.73 > 0.8*113.12 & > 65.0),YES,0.99,0.85,2.0,64401.27,64500.0
2026-02-25 04:30:42,1420975,Condition_4_FLUC_BREAK (66.33 > 0.8*70.50 & > 65.0),NO,0.99,0.82,2.0,64479.49,64413.16
2026-02-25 05:00:17,1421107,Condition_4_FLUC_BREAK (67.30 > 0.8*80.78 & > 65.0),NO,0.99,0.83,2.0,64474.48,64407.18
2026-02-25 05:15:57,1421247,Condition_4_FLUC_BREAK (78.98 > 0.8*88.21 & > 65.0),NO,0.99,0.86,2.0,64249.6,64170.62
2026-02-25 05:55:19,1421496,Condition_4_FLUC_BREAK (66.99 > 0.8*67.67 & > 65.0),YES,0.99,0.85,2.0,64011.24,64078.23
2026-02-25 06:02:21,1421508,Condition_2_MOMENTUM,YES,0.99,0.82,2.0,64032.9,64119.38
2026-02-25 09:10:47,1422718,Condition_1_HARD_ABS (156.09 > 140.0),YES,0.99,0.84,2.0,64429.9,64585.99
2026-02-25 09:15:33,1422830,Condition_2_MOMENTUM,NO,0.99,0.71,2.0,65597.59,65492.0
2026-02-25 09:20:36,1422852,Condition_2_MOMENTUM,NO,0.99,0.68,2.0,65878.0,65789.33
2026-02-25 09:26:37,1422871,Condition_2_MOMENTUM,YES,0.99,0.72,2.0,66050.15,66138.89
2026-02-25 09:30:14,1422873,Condition_1_HARD_ABS (163.08 > 140.0),YES,0.99,0.77,2.0,65958.0,66121.08
2026-02-25 09:35:34,1422881,Condition_2_MOMENTUM,YES,0.99,0.7,2.0,66009.4,66097.99
2026-02-25 09:41:24,1422886,Condition_2_MOMENTUM,NO,0.99,0.73,2.0,66156.83,66066.46
2026-02-25 09:45:35,1422894,Condition_2_MOMENTUM,YES,0.99,0.74,2.0,65825.0,65906.51
2026-02-25 09:50:32,1422898,Condition_2_MOMENTUM,NO,0.99,0.75,2.0,66037.32,65937.04
2026-02-25 09:58:10,1422916,Condition_2_MOMENTUM,YES,0.99,0.84,2.0,65899.03,65981.49
2026-02-25 10:00:15,1422920,Condition_2_MOMENTUM,YES,0.99,0.77,2.0,65899.06,66007.36
2026-02-25 10:06:43,1422949,Condition_2_MOMENTUM,YES,0.99,0.77,2.0,65944.99,66028.0
2026-02-25 10:12:19,1422988,Condition_2_MOMENTUM,YES,0.99,0.84,4.0,66085.63,66223.41
2026-02-25 10:17:04,1423086,Condition_2_MOMENTUM,NO,0.99,0.73,2.0,66238.01,66146.71
2026-02-25 11:47:12,1423340,Condition_2_MOMENTUM,YES,0.99,0.87,2.0,65461.99,65542.6
2026-02-25 12:01:13,1423354,Condition_4_FLUC_BREAK (80.10 > 0.8*80.30 & > 65.0),NO,0.99,0.85,2.0,65388.0,65307.9
2026-02-25 12:11:12,1423410,Condition_2_MOMENTUM,YES,0.99,0.86,2.0,65321.54,65403.05
2026-02-25 12:50:46,1423569,Condition_1_STRONG_FLUC (73.98 > 0.8*Max(85.67) & > 45.0),NO,0.99,0.84,2.0,65546.53,65472.55
2026-02-25 13:02:22,1423823,Condition_4_FLUC_BREAK (66.53 > 0.8*66.96 & > 65.0),NO,0.99,0.88,2.0,65451.27,65384.74
2026-02-25 13:40:33,1424010,Condition_2_MOMENTUM,NO,0.99,0.78,2.0,64903.2,64798.01
2026-02-25 14:15:41,1424282,Condition_4_FLUC_BREAK (73.02 > 0.8*61.21 & > 65.0),NO,0.99,0.83,2.0,64987.71,64914.69
2026-02-25 14:50:42,1424339,Condition_4_FLUC_BREAK (74.87 > 0.8*91.09 & > 65.0),NO,0.99,0.89,2.0,65025.77,64950.9
2026-02-25 15:16:11,1424548,Condition_2_MOMENTUM,YES,0.99,0.85,2.0,65026.45,65106.76
2026-02-25 15:35:46,1424584,Condition_4_FLUC_BREAK (69.33 > 0.8*85.43 & > 65.0),NO,0.99,0.86,2.0,65143.99,65074.66
2026-02-25 16:56:56,1424901,Condition_2_MOMENTUM,NO,0.99,0.84,2.0,65572.02,65474.93
2026-02-25 17:05:49,1424921,Condition_2_MOMENTUM,NO,0.99,0.81,2.0,65581.31,65488.19
2026-02-25 17:31:34,1425048,Condition_4_FLUC_BREAK (75.88 > 0.8*60.35 & > 65.0),NO,0.99,0.86,2.0,65566.17,65490.29
2026-02-25 18:11:27,1425097,Condition_4_FLUC_BREAK (68.26 > 0.8*81.76 & > 65.0),NO,0.99,0.84,2.0,65546.57,65478.31
2026-02-25 18:47:06,1425232,Condition_4_FLUC_BREAK (65.45 > 0.8*37.22 & > 65.0),YES,0.99,0.88,2.0,65428.25,65493.7
2026-02-25 20:21:14,1425857,Condition_2_MOMENTUM,YES,0.99,0.85,2.0,65708.8,65807.69
2026-02-25 20:33:25,1425887,Condition_4_FLUC_BREAK (79.58 > 0.8*97.49 & > 65.0),YES,0.99,0.89,2.0,65767.35,65846.93
2026-02-25 20:55:30,1426087,Condition_2_MOMENTUM,NO,0.99,0.78,2.0,66124.98,66020.0
2026-02-25 21:37:01,1426315,Condition_4_FLUC_BREAK (69.56 > 0.8*74.58 & > 65.0),YES,0.99,0.77,2.0,66184.42,66253.98
2026-02-25 22:56:18,1427167,Condition_2_MOMENTUM,YES,0.99,0.66,2.0,66694.69,66791.99
2026-02-25 23:21:22,1427503,Condition_2_MOMENTUM,NO,0.99,0.78,2.0,66859.98,66773.72
2026-02-25 23:26:20,1427537,Condition_1_HARD_ABS (160.80 > 140.0),YES,0.99,0.87,2.0,66878.87,67039.67
2026-02-25 23:26:55,1427537,Condition_2_MOMENTUM,YES,0.99,0.88,2.0,66878.87,67010.3
2026-02-25 23:30:29,1427543,Condition_2_MOMENTUM,NO,0.99,0.73,2.0,67084.01,66979.39
2026-02-25 23:35:40,1427555,Condition_2_MOMENTUM,YES,0.99,0.71,2.0,67255.01,67343.22
2026-02-25 23:42:21,1427574,Condition_2_MOMENTUM,YES,0.99,0.81,2.0,67331.33,67433.32
2026-02-25 23:51:12,1427594,Condition_2_MOMENTUM,NO,0.99,0.76,2.0,67530.0,67424.99
